@article{hu2005efficient,
  title={Efficient, high-quality force-directed graph drawing},
  author={Hu, Yifan},
  journal={Mathematica Journal},
  volume={10},
  number={1},
  pages={37--71},
  year={2005},
  publisher={Redwood City, Ca.: Advanced Book Program, Addison-Wesley Pub. Co., c1990-}
}
@article{fruchterman1991graph,
	title={Graph drawing by force-directed placement},
	author={Fruchterman, Thomas MJ and Reingold, Edward M},
	journal={Software: Practice and experience},
	volume={21},
	number={11},
	pages={1129--1164},
	year={1991},
	publisher={Wiley Online Library}
}
