@ARTICLE{9208795,

  author={J. {Laguarta} and F. {Hueto} and B. {Subirana}},

  journal={IEEE Open Journal of Engineering in Medicine and Biology}, 

  title={COVID-19 Artificial Intelligence Diagnosis using only Cough Recordings}, 

  year={2020},

  volume={},

  number={},

  pages={1-1},

  doi={10.1109/OJEMB.2020.3026928}}

 @misc{osborne_2020, title={MIT's new algorithm can tell if you have COVID-19 by your cough}, url={https://www.zdnet.com/article/mits-new-algorithm-tells-you-if-you-have-covid-19-by-your-cough/}, journal={ZDNet}, publisher={ZDNet}, author={Osborne, Charlie}, year={2020}, month={Nov}} 
